@article{cootes2000introduction,
  title={An introduction to active shape models},
  author={Cootes, Tim and Baldock, E and Graham, J},
  journal={Image processing and analysis},
  pages={223--248},
  year={2000},
  publisher={Oxford University Press}
}

@article{cootestraining,
 author = {Cootes, T. F. and Taylor, C. J. and Cooper, D. H. and Graham, J.},
 title = {Active Shape Models - Their Training and Application},
 journal = {Comput. Vis. Image Underst.},
 issue_date = {Jan. 1995},
 volume = {61},
 number = {1},
 month = jan,
 year = {1995},
 issn = {1077-3142},
 pages = {38--59},
 numpages = {22},
 url = {http://dx.doi.org/10.1006/cviu.1995.1004},
 doi = {10.1006/cviu.1995.1004},
 acmid = {206547},
 publisher = {Elsevier Science Inc.},
 address = {New York, NY, USA},
} 

@article{rainfilter,
 author = {I. Frosio, N. A. Borghese},
 title = {Statistical Based Impulsive Noise Removal in Digital Radiography},
 journal = {IEEE Transactions on Medical Imaging},
 issue_date = {Jan. 2009},
 volume = {28},
 number = {1},
 month = jan,
 year = {2009},
 pages = {3--16},
 numpages = {14},
} 

@article{imageenhance,
 author = {X. Wanga, B. S. Wong},
 title = {Image enhancement for radiography inspection},
 journal = {Proceedings of SPIE - The International Society for Optical Engineering},
 issue_date = {Apr. 2005},
 volume = {5852},
 month = apr.,
 year = {2005},
} 

@article{imageenhance2,
 author = {F. S. Alavijeh and H. Mahdavi-Nasab},
 title = {Multi-scale Morphological Image Enhancement of Chest Radiographs by a Hybrid Scheme},
 journal = {Journal of Medical Signals and Sensors},
 issue_date = {Jan-Mar. 2015},
 volume = {5},
 month = Jan-Mar.,
 year = {2015},
 pages = {59â€“-68},
 numpages = {10},
} 

